@string{june = {June}}

@article{1979ApJ...228..939C,
 adsnote = {Provided by the SAO/NASA Astrophysics Data System},
 adsurl = {https://ui.adsabs.harvard.edu/abs/1979ApJ...228..939C},
 author = {{Cash}, W.},
 doi = {10.1086/156922},
 journal = {\apj},
 keywords = {Astronomical Models, Data Processing, Parameterization, Statistical Analysis, Confidence Limits, Data Sampling, Galactic Clusters, Normal Density Functions, Photons, X Ray Telescopes, Astronomy, Mathematics, Computing, Data Processing},
 month = {March},
 pages = {939-947},
 title = {{Parameter estimation in astronomy through application of the likelihood ratio.}},
 volume = {228},
 year = {1979}
}

@article{1986PASP...98..609H,
 adsnote = {Provided by the SAO/NASA Astrophysics Data System},
 adsurl = {https://ui.adsabs.harvard.edu/abs/1986PASP...98..609H},
 author = {{Horne}, K.},
 doi = {10.1086/131801},
 journal = {\pasp},
 keywords = {Astronomical Spectroscopy, Charge Coupled Devices, Data Reduction, Spectrum Analysis, Image Processing, Iteration, Optimization, Spatial Resolution, Stellar Spectra, Variance (Statistics), Instrumentation and Photography},
 month = {June},
 pages = {609-617},
 title = {{An optimal extraction algorithm for CCD spectroscopy.}},
 volume = {98},
 year = {1986}
}

@article{1989ApJ...342.1207N,
 adsnote = {Provided by the SAO/NASA Astrophysics Data System},
 adsurl = {https://ui.adsabs.harvard.edu/abs/1989ApJ...342.1207N},
 author = {{Nousek}, John A. and {Shue}, David R.},
 doi = {10.1086/167676},
 journal = {\apj},
 keywords = {Computerized Simulation, Data Flow Analysis, Data Sampling, Statistical Analysis, X Ray Astronomy, Mathematical Models, Optimization, Universe, Astronomy, NUMERICAL METHODS, X-RAYS: GENERAL},
 month = {July},
 pages = {1207},
 title = {{Psi 2 and C Statistic Minimization for Low Count per Bin Data}},
 volume = {342},
 year = {1989}
}

@inproceedings{1996ASPC..101...17A,
 adsnote = {Provided by the SAO/NASA Astrophysics Data System},
 adsurl = {https://ui.adsabs.harvard.edu/abs/1996ASPC..101...17A},
 author = {{Arnaud}, K.~A.},
 booktitle = {Astronomical Data Analysis Software and Systems V},
 editor = {{Jacoby}, George H. and {Barnes}, Jeannette},
 month = {January},
 pages = {17},
 series = {Astronomical Society of the Pacific Conference Series},
 title = {{XSPEC: The First Ten Years}},
 volume = {101},
 year = {1996}
}

@article{1996NIMPA.372..289J,
 adsnote = {Provided by the SAO/NASA Astrophysics Data System},
 adsurl = {https://ui.adsabs.harvard.edu/abs/1996NIMPA.372..289J},
 author = {{Jading}, Y. and {Riisager}, K.},
 doi = {10.1016/0168-9002(95)01397-0},
 journal = {Nuclear Instruments and Methods in Physics Research A},
 month = {February},
 number = {1},
 pages = {289-292},
 title = {{Systematic errors in {\ensuremath{\chi}}$^{2}$-fitting of Poisson distributions}},
 volume = {372},
 year = {1996}
}

@inproceedings{1996uxsa.conf..411K,
 adsnote = {Provided by the SAO/NASA Astrophysics Data System},
 adsurl = {https://ui.adsabs.harvard.edu/abs/1996uxsa.conf..411K},
 author = {{Kaastra}, J.~S. and {Mewe}, R. and {Nieuwenhuijzen}, H.},
 booktitle = {UV and X-ray Spectroscopy of Astrophysical and Laboratory Plasmas},
 keywords = {Plasma: X-Ray Spectra, Plasma: UV Spectra},
 month = {January},
 pages = {411-414},
 title = {{SPEX: a new code for spectral analysis of X \& UV spectra.}},
 year = {1996}
}

@article{1999ApJ...518..380M,
 adsnote = {Provided by the SAO/NASA Astrophysics Data System},
 adsurl = {https://ui.adsabs.harvard.edu/abs/1999ApJ...518..380M},
 archiveprefix = {arXiv},
 author = {{Mighell}, Kenneth J.},
 doi = {10.1086/307253},
 eprint = {astro-ph/9903093},
 journal = {\apj},
 keywords = {METHODS: NUMERICAL, METHODS: STATISTICAL, X-RAYS: GENERAL, Methods: Numerical, Methods: Statistical, X-Rays: General, Astrophysics},
 month = {June},
 number = {1},
 pages = {380-393},
 primaryclass = {astro-ph},
 title = {{Parameter Estimation in Astronomy with Poisson-distributed Data. I.The {\ensuremath{\chi}}$^{2}$$_{{\ensuremath{\gamma}}}$ Statistic}},
 volume = {518},
 year = {1999}
}

@article{2000ApJ...537L..49B,
 adsnote = {Provided by the SAO/NASA Astrophysics Data System},
 adsurl = {https://ui.adsabs.harvard.edu/abs/2000ApJ...537L..49B},
 archiveprefix = {arXiv},
 author = {{Bacciotti}, Francesca and {Mundt}, Reinhard and {Ray}, Thomas P. and {Eisl{\"o}ffel}, Jochen and {Solf}, Josef and {Camezind}, Max},
 doi = {10.1086/312745},
 eprint = {astro-ph/0005463},
 journal = {\apjl},
 keywords = {ISM: Herbig-Haro Objects, ISM: Jets and Outflows, Stars: Formation, Stars: Pre-Main-Sequence, Astrophysics},
 month = {July},
 number = {1},
 pages = {L49-L52},
 primaryclass = {astro-ph},
 title = {{Hubble Space Telescope STIS Spectroscopy of the Optical Outflow from DG Tauri: Structure and Kinematics on Subarcsecond Scales}},
 volume = {537},
 year = {2000}
}

@inproceedings{2000ASPC..216..591H,
 adsnote = {Provided by the SAO/NASA Astrophysics Data System},
 adsurl = {https://ui.adsabs.harvard.edu/abs/2000ASPC..216..591H},
 author = {{Houck}, J.~C. and {Denicola}, L.~A.},
 booktitle = {Astronomical Data Analysis Software and Systems IX},
 editor = {{Manset}, Nadine and {Veillet}, Christian and {Crabtree}, Dennis},
 month = {January},
 pages = {591},
 series = {Astronomical Society of the Pacific Conference Series},
 title = {{ISIS: An Interactive Spectral Interpretation System for High Resolution X-Ray Spectroscopy}},
 volume = {216},
 year = {2000}
}

@article{2001A&A...376.1113P,
 adsnote = {Provided by the SAO/NASA Astrophysics Data System},
 adsurl = {https://ui.adsabs.harvard.edu/abs/2001A&A...376.1113P},
 archiveprefix = {arXiv},
 author = {{Porquet}, D. and {Mewe}, R. and {Dubau}, J. and {Raassen}, A.~J.~J. and {Kaastra}, J.~S.},
 doi = {10.1051/0004-6361:20010959},
 eprint = {astro-ph/0107329},
 journal = {\aap},
 keywords = {X-RAYS: STARS, ATOMIC PROCESSES, STARS: CORONAE, STARS: LATE-TYPE, STARS: ACTIVITY, EARLY-TYPE STARS: ACTIVITY, Astrophysics},
 month = {September},
 pages = {1113-1122},
 primaryclass = {astro-ph},
 title = {{Line ratios for helium-like ions: Applications to collision-dominated plasmas}},
 volume = {376},
 year = {2001}
}

@article{2001NIMPA.457..384H,
 adsnote = {Provided by the SAO/NASA Astrophysics Data System},
 adsurl = {https://ui.adsabs.harvard.edu/abs/2001NIMPA.457..384H},
 author = {{Hauschild}, T. and {Jentschel}, M.},
 doi = {10.1016/S0168-9002(00)00756-7},
 journal = {Nuclear Instruments and Methods in Physics Research A},
 month = {January},
 number = {1-2},
 pages = {384-401},
 title = {{Comparison of maximum likelihood estimation and chi-square statistics applied to counting experiments}},
 volume = {457},
 year = {2001}
}

@inproceedings{2001SPIE.4477...76F,
 adsnote = {Provided by the SAO/NASA Astrophysics Data System},
 adsurl = {https://ui.adsabs.harvard.edu/abs/2001SPIE.4477...76F},
 archiveprefix = {arXiv},
 author = {{Freeman}, Peter and {Doe}, Stephen and {Siemiginowska}, Aneta},
 booktitle = {Astronomical Data Analysis},
 doi = {10.1117/12.447161},
 editor = {{Starck}, Jean-Luc and {Murtagh}, Fionn D.},
 eprint = {astro-ph/0108426},
 keywords = {Astrophysics},
 month = {November},
 pages = {76-87},
 primaryclass = {astro-ph},
 series = {Society of Photo-Optical Instrumentation Engineers (SPIE) Conference Series},
 title = {{Sherpa: a mission-independent data analysis application}},
 volume = {4477},
 year = {2001}
}

@article{2005ApJ...628..811S,
 adsnote = {Provided by the SAO/NASA Astrophysics Data System},
 adsurl = {https://ui.adsabs.harvard.edu/abs/2005ApJ...628..811S},
 archiveprefix = {arXiv},
 author = {{Swartz}, Douglas A. and {Drake}, Jeremy J. and {Elsner}, Ronald F. and {Ghosh}, Kajal K. and {Grady}, Carol A. and {Wassell}, Edward and {Woodgate}, Bruce E. and {Kimble}, Randy A.},
 doi = {10.1086/429984},
 eprint = {astro-ph/0503076},
 journal = {\apj},
 keywords = {Stars: Emission-Line, Be, Stars: Individual: Henry Draper Number: HD 163296, Stars: Pre-Main-Sequence, X-Rays: Stars, Astrophysics},
 month = {August},
 number = {2},
 pages = {811-816},
 primaryclass = {astro-ph},
 title = {{The Herbig Ae Star HD 163296 in X-Rays}},
 volume = {628},
 year = {2005}
}

@article{2005ApJS..160..469F,
 adsnote = {Provided by the SAO/NASA Astrophysics Data System},
 adsurl = {https://ui.adsabs.harvard.edu/abs/2005ApJS..160..469F},
 archiveprefix = {arXiv},
 author = {{Favata}, F. and {Flaccomio}, E. and {Reale}, F. and {Micela}, G. and {Sciortino}, S. and {Shang}, H. and {Stassun}, K.~G. and {Feigelson}, E.~D.},
 doi = {10.1086/432542},
 eprint = {astro-ph/0506134},
 journal = {\apjs},
 keywords = {Galaxy: Open Clusters and Associations: Individual: Name: Orion Nebula Cluster, Stars: Flare, Stars: Magnetic Fields, Stars: Pre-Main-Sequence, X-Rays: Stars, Astrophysics},
 month = {October},
 number = {2},
 pages = {469-502},
 primaryclass = {astro-ph},
 title = {{Bright X-Ray Flares in Orion Young Stars from COUP: Evidence for Star-Disk Magnetic Fields?}},
 volume = {160},
 year = {2005}
}

@article{2007A&A...468..501A,
 adsnote = {Provided by the SAO/NASA Astrophysics Data System},
 adsurl = {https://ui.adsabs.harvard.edu/abs/2007A&A...468..501A},
 archiveprefix = {arXiv},
 author = {{Arzner}, K. and {G{\"u}del}, M. and {Briggs}, K. and {Telleschi}, A. and {Schmidt}, M. and {Audard}, M. and {Scelsi}, L. and {Franciosini}, E.},
 doi = {10.1051/0004-6361:20064927},
 eprint = {astro-ph/0609193},
 journal = {\aap},
 keywords = {methods: statistical, X-rays: stars, stars: formation, Astrophysics},
 month = {June},
 number = {2},
 pages = {501-514},
 primaryclass = {astro-ph},
 title = {{Unbinned maximum-likelihood estimators for low-count data. Applications to faint X-ray spectra in the Taurus molecular cloud}},
 volume = {468},
 year = {2007}
}

@article{2007A&A...468..541T,
 adsnote = {Provided by the SAO/NASA Astrophysics Data System},
 adsurl = {https://ui.adsabs.harvard.edu/abs/2007A&A...468..541T},
 archiveprefix = {arXiv},
 author = {{Telleschi}, A. and {G{\"u}del}, M. and {Briggs}, K.~R. and {Skinner}, S.~L. and {Audard}, M. and {Franciosini}, E.},
 doi = {10.1051/0004-6361:20065422},
 eprint = {astro-ph/0610456},
 journal = {\aap},
 keywords = {stars: coronae, stars: formation, stars: pre-main sequence, stars: magnetic fields, X-rays: stars, stars: individual: AB Aurigae, Astrophysics},
 month = {June},
 number = {2},
 pages = {541-556},
 primaryclass = {astro-ph},
 title = {{The first high-resolution X-ray spectrum of a Herbig star: AB Aurigae}},
 volume = {468},
 year = {2007}
}

@article{2008A&A...478..797G,
 adsnote = {Provided by the SAO/NASA Astrophysics Data System},
 adsurl = {https://ui.adsabs.harvard.edu/abs/2008A&A...478..797G},
 archiveprefix = {arXiv},
 author = {{G{\"u}del}, M. and {Skinner}, S.~L. and {Audard}, M. and {Briggs}, K.~R. and {Cabrit}, S.},
 doi = {10.1051/0004-6361:20078141},
 eprint = {0712.1330},
 journal = {\aap},
 keywords = {stars: coronae, stars: formation, stars: individual: DG Tau, stars: pre-main sequence, stars: winds, outflows, X-rays: stars, Astrophysics},
 month = {February},
 number = {3},
 pages = {797-807},
 primaryclass = {astro-ph},
 title = {{Discovery of a bipolar X-ray jet from the T Tauri star DG Tauri}},
 volume = {478},
 year = {2008}
}

@article{2008A&A...488L..13S,
 adsnote = {Provided by the SAO/NASA Astrophysics Data System},
 adsurl = {https://ui.adsabs.harvard.edu/abs/2008A&A...488L..13S},
 archiveprefix = {arXiv},
 author = {{Schneider}, P.~C. and {Schmitt}, J.~H.~M.~M.},
 doi = {10.1051/0004-6361:200810261},
 eprint = {0807.2156},
 journal = {\aap},
 keywords = {stars: individual: DG Tauri, stars: winds, outflows, X-rays: stars, stars: pre-main sequence, Astrophysics},
 month = {September},
 number = {2},
 pages = {L13-L16},
 primaryclass = {astro-ph},
 title = {{The nature of the soft X-ray source in DG Tauri}},
 volume = {488},
 year = {2008}
}

@article{2009A&A...494.1041G,
 adsnote = {Provided by the SAO/NASA Astrophysics Data System},
 adsurl = {https://ui.adsabs.harvard.edu/abs/2009A&A...494.1041G},
 archiveprefix = {arXiv},
 author = {{G{\"u}nther}, H.~M. and {Schmitt}, J.~H.~M.~M.},
 doi = {10.1051/0004-6361:200811007},
 eprint = {0812.0285},
 journal = {\aap},
 keywords = {stars: formation, stars: individual: HD 163296, X-rays: stars, stars: emission-line, Be, stars: winds, outflows, Astrophysics},
 month = {February},
 number = {3},
 pages = {1041-1051},
 primaryclass = {astro-ph},
 title = {{The enigmatic X-rays from the Herbig star HD 163296: Jet, accretion, or corona?}},
 volume = {494},
 year = {2009}
}

@article{2009ApJ...693..822H,
 adsnote = {Provided by the SAO/NASA Astrophysics Data System},
 adsurl = {https://ui.adsabs.harvard.edu/abs/2009ApJ...693..822H},
 archiveprefix = {arXiv},
 author = {{Humphrey}, Philip J. and {Liu}, Wenhao and {Buote}, David A.},
 doi = {10.1088/0004-637X/693/1/822},
 eprint = {0811.2796},
 journal = {\apj},
 keywords = {methods: data analysis, methods: statistical, X-rays: galaxies: clusters, X-rays: general, Astrophysics},
 month = {March},
 number = {1},
 pages = {822-829},
 primaryclass = {astro-ph},
 title = {{{\ensuremath{\chi}}$^{2}$ and Poissonian Data: Biases Even in the High-Count Regime and How to Avoid Them}},
 volume = {693},
 year = {2009}
}

@inproceedings{2011ASPC..448..617G,
 adsnote = {Provided by the SAO/NASA Astrophysics Data System},
 adsurl = {https://ui.adsabs.harvard.edu/abs/2011ASPC..448..617G},
 archiveprefix = {arXiv},
 author = {{G{\"u}del}, M. and {Audard}, M. and {Bacciotti}, F. and {Bary}, J.~S. and {Briggs}, K.~R. and {Cabrit}, S. and {Carmona}, A. and {Codella}, C. and {Dougados}, C. and {Eisl{\"o}ffel}, J. and {Gueth}, F. and {G{\"u}nther}, H.~M. and {Herczeg}, G. and {Kundurthy}, P. and {Matt}, S.~P. and {Mutel}, R.~L. and {Ray}, T. and {Schmitt}, J.~H.~M.~M. and {Schneider}, P.~C. and {Skinner}, S.~L. and {van Boekel}, R.},
 booktitle = {16th Cambridge Workshop on Cool Stars, Stellar Systems, and the Sun},
 doi = {10.48550/arXiv.1101.2780},
 editor = {{Johns-Krull}, Christopher and {Browning}, Matthew K. and {West}, Andrew A.},
 eprint = {1101.2780},
 keywords = {Astrophysics - Solar and Stellar Astrophysics, Astrophysics - High Energy Astrophysical Phenomena},
 month = {December},
 pages = {617},
 primaryclass = {astro-ph.SR},
 series = {Astronomical Society of the Pacific Conference Series},
 title = {{The Bipolar X-Ray Jet of the Classical T Tauri Star DG Tau}},
 volume = {448},
 year = {2011}
}

@book{2011hxra.book.....A,
 adsnote = {Provided by the SAO/NASA Astrophysics Data System},
 adsurl = {https://ui.adsabs.harvard.edu/abs/2011hxra.book.....A},
 author = {{Arnaud}, Keith and {Smith}, Randall and {Siemiginowska}, Aneta},
 title = {{Handbook of X-ray Astronomy}},
 year = {2011}
}

@article{2014ApJ...795...51G,
 adsnote = {Provided by the SAO/NASA Astrophysics Data System},
 adsurl = {https://ui.adsabs.harvard.edu/abs/2014ApJ...795...51G},
 archiveprefix = {arXiv},
 author = {{G{\"u}nther}, Hans Moritz and {Li}, Zhi-Yun and {Schneider}, P.~C.},
 doi = {10.1088/0004-637X/795/1/51},
 eid = {51},
 eprint = {1409.0787},
 journal = {\apj},
 keywords = {ISM: jets and outflows, shock waves, stars: formation, stars: individual: DG Tau, stars: mass-loss, stars: pre-main sequence, stars: winds, outflows, Astrophysics - Solar and Stellar Astrophysics},
 month = {November},
 number = {1},
 pages = {51},
 primaryclass = {astro-ph.SR},
 title = {{Recollimation Boundary Layers as X-Ray Sources in Young Stellar Jets}},
 volume = {795},
 year = {2014}
}

@article{2015A&A...584L...9S,
 adsnote = {Provided by the SAO/NASA Astrophysics Data System},
 adsurl = {https://ui.adsabs.harvard.edu/abs/2015A&A...584L...9S},
 archiveprefix = {arXiv},
 author = {{Schneider}, P.~C. and {G{\"u}nther}, H.~M. and {Robrade}, J. and {Facchini}, S. and {Hodapp}, K.~W. and {Manara}, C.~F. and {Perdelwitz}, V. and {Schmitt}, J.~H.~M.~M. and {Skinner}, S. and {Wolk}, S.~J.},
 doi = {10.1051/0004-6361/201527237},
 eid = {L9},
 eprint = {1511.01688},
 journal = {\aap},
 keywords = {stars: individual: RW Aur, stars: pre-main sequence, stars: low-mass, stars: variables: T Tauri, Herbig Ae/Be, X-rays: stars, Astrophysics - Solar and Stellar Astrophysics},
 month = {December},
 pages = {L9},
 primaryclass = {astro-ph.SR},
 title = {{The nature of the 2014-2015 dim state of RW Aurigae revealed by X-ray, optical, and near-IR observations}},
 volume = {584},
 year = {2015}
}

@article{2015ApJ...808..137J,
 adsnote = {Provided by the SAO/NASA Astrophysics Data System},
 adsurl = {https://ui.adsabs.harvard.edu/abs/2015ApJ...808..137J},
 archiveprefix = {arXiv},
 author = {{Jones}, David E. and {Kashyap}, Vinay L. and {van Dyk}, David A.},
 doi = {10.1088/0004-637X/808/2/137},
 eid = {137},
 eprint = {1411.7447},
 journal = {\apj},
 keywords = {methods: statistical, techniques: image processing, X-rays: stars, Astrophysics - Instrumentation and Methods for Astrophysics},
 month = {August},
 number = {2},
 pages = {137},
 primaryclass = {astro-ph.IM},
 title = {{Disentangling Overlapping Astronomical Sources Using Spatial and Spectral Information}},
 volume = {808},
 year = {2015}
}

@article{2016A&A...596A..99U,
 adsnote = {Provided by the SAO/NASA Astrophysics Data System},
 adsurl = {https://ui.adsabs.harvard.edu/abs/2016A&A...596A..99U},
 archiveprefix = {arXiv},
 author = {{Ustamujic}, S. and {Orlando}, S. and {Bonito}, R. and {Miceli}, M. and {G{\'o}mez de Castro}, A.~I. and {L{\'o}pez-Santiago}, J.},
 doi = {10.1051/0004-6361/201628712},
 eid = {A99},
 eprint = {1607.08172},
 journal = {\aap},
 keywords = {ISM: jets and outflows, magnetohydrodynamics (MHD), ISM: magnetic fields, stars: protostars, ISM: structure, X-rays: ISM, Astrophysics - Solar and Stellar Astrophysics, Astrophysics - High Energy Astrophysical Phenomena},
 month = {December},
 pages = {A99},
 primaryclass = {astro-ph.SR},
 title = {{Formation of X-ray emitting stationary shocks in magnetized protostellar jets}},
 volume = {596},
 year = {2016}
}

@article{2020A&C....3300412T,
 adsnote = {Provided by the SAO/NASA Astrophysics Data System},
 adsurl = {https://ui.adsabs.harvard.edu/abs/2020A&C....3300412T},
 archiveprefix = {arXiv},
 author = {{Taghizadeh-Popp}, M. and {Kim}, J.~W. and {Lemson}, G. and {Medvedev}, D. and {Raddick}, M.~J. and {Szalay}, A.~S. and {Thakar}, A.~R. and {Booker}, J. and {Chhetri}, C. and {Dobos}, L. and {Rippin}, M.},
 doi = {10.1016/j.ascom.2020.100412},
 eid = {100412},
 eprint = {2001.08619},
 journal = {Astronomy and Computing},
 keywords = {Science platform, Education, Computing, Databases, Server-side analytics, Data science, Astrophysics - Instrumentation and Methods for Astrophysics},
 month = {October},
 pages = {100412},
 primaryclass = {astro-ph.IM},
 title = {{SciServer: A science platform for astronomy and beyond}},
 volume = {33},
 year = {2020}
}

@incollection{2022hxga.book...57S,
 adsnote = {Provided by the SAO/NASA Astrophysics Data System},
 adsurl = {https://ui.adsabs.harvard.edu/abs/2022hxga.book...57S},
 author = {{Schneider}, P. Christian and {G{\"u}nther}, H. Moritz and {Ustamujic}, Sabina},
 booktitle = {Handbook of X-ray and Gamma-ray Astrophysics},
 doi = {10.1007/978-981-16-4544-0_81-1},
 eid = {57},
 keywords = {Astrophysics - Solar and Stellar Astrophysics, Astrophysics - High Energy Astrophysical Phenomena},
 pages = {57},
 title = {{Pre-main Sequence: Accretion and Outflows}},
 year = {2022}
}

@incollection{2023hxga.book..150B,
 adsnote = {Provided by the SAO/NASA Astrophysics Data System},
 adsurl = {https://ui.adsabs.harvard.edu/abs/2023hxga.book..150B},
 author = {{Buchner}, Johannes and {Boorman}, Peter},
 booktitle = {Handbook of X-ray and Gamma-ray Astrophysics (eds. C. Bambi},
 doi = {10.1007/978-981-16-4544-0_175-1},
 eid = {150},
 pages = {150},
 title = {{Statistical Aspects of X-ray Spectral Analysis}},
 year = {2023}
}

@misc{RMFARF,
author = {{George}, Ian M. and {Arnaud}, Keith A. and {Prence}, Bill and {Ruamsuwan}, Laddawan and {Corcoran}, Michael F.},
title = {{The Calibration Requirements for Spectral Analysis}},
year = {2020},
howpublished = {OGIP Calibration Memo CAL/GEN/92-002}
}

@misc{PHA,
  author       = {{Arnaud}, Keith A. and {George}, Ian M. and {Tennant}, Allyn F.},
  title        = {{The OGIP Spectral File Format}},
  year         = {2021},
  howpublished = {OGIP Calibration Memo CAL/GEN/92-007}
}